<record><leader>00000cas a22000007a 4500</leader><controlfield tag="001">25689923</controlfield><controlfield tag="008">920422d191u1918wyuwr ne      0    0eng d</controlfield><datafield ind1=" " ind2=" " tag="010"><subfield code="a">sn 92067023 </subfield></datafield><datafield ind1=" " ind2=" " tag="040"><subfield code="a">NVO</subfield><subfield code="b">eng</subfield><subfield code="c">NVO</subfield><subfield code="d">OCLCQ</subfield></datafield><datafield ind1=" " ind2=" " tag="042"><subfield code="a">msc</subfield></datafield><datafield ind1="0" ind2="0" tag="245"><subfield code="a">Niobrara County news.</subfield></datafield><datafield ind1=" " ind2=" " tag="260"><subfield code="a">Manville, Wyo. :</subfield><subfield code="b">News Pub. Co.</subfield></datafield><datafield ind1=" " ind2=" " tag="300"><subfield code="a">v.</subfield></datafield><datafield ind1=" " ind2=" " tag="310"><subfield code="a">Weekly</subfield></datafield><datafield ind1="1" ind2=" " tag="362"><subfield code="a">Began in 1911; ceased in 1918.</subfield><subfield code="z">Cf. Homsher, L. Guide to Wyoming newspapers, 1869-1967.</subfield></datafield><datafield ind1=" " ind2=" " tag="588"><subfield code="a">Description based on: Vol. 3, no. 37 (Apr. 16, 1914).</subfield></datafield><datafield ind1=" " ind2="4" tag="651"><subfield code="a">Manville (Wyo.)</subfield><subfield code="v">Newspapers.</subfield></datafield><datafield ind1=" " ind2="4" tag="651"><subfield code="a">Niobrara County (Wyo.)</subfield><subfield code="v">Newspapers.</subfield></datafield><datafield ind1=" " ind2=" " tag="752"><subfield code="a">United States</subfield><subfield code="b">Wyoming</subfield><subfield code="c">Niobrara</subfield><subfield code="d">Manville.</subfield></datafield><datafield ind1="0" ind2="0" tag="785"><subfield code="t">Manville news (Manville, Wyo.)</subfield><subfield code="w">(DLC)sn 92067024</subfield></datafield></record>